%YAML 1.1
%TAG !u! tag:unity3d.com,2011:
--- !u!1 &172184
GameObject:
  m_ObjectHideFlags: 0
  m_PrefabParentObject: {fileID: 0}
  m_PrefabInternal: {fileID: 100100000}
  serializedVersion: 4
  m_Component:
  - 224: {fileID: 22477720}
  - 114: {fileID: 11495688}
  m_Layer: 13
  m_Name: SpinningWheelIcon
  m_TagString: Untagged
  m_Icon: {fileID: 0}
  m_NavMeshLayer: 0
  m_StaticEditorFlags: 0
  m_IsActive: 1
--- !u!114 &11495688
MonoBehaviour:
  m_ObjectHideFlags: 1
  m_PrefabParentObject: {fileID: 0}
  m_PrefabInternal: {fileID: 100100000}
  m_GameObject: {fileID: 172184}
  m_Enabled: 1
  m_EditorHideFlags: 0
  m_Script: {fileID: 11500000, guid: 9dcf8dcbb1d94a9449419a4732bf58b7, type: 3}
  m_Name: 
  m_EditorClassIdentifier: 
  sortingLayer: 1327925859
  screenPositionShift: {x: 0, y: 0, z: 0}
  autoHideDelay: 0
--- !u!224 &22477720
RectTransform:
  m_ObjectHideFlags: 1
  m_PrefabParentObject: {fileID: 0}
  m_PrefabInternal: {fileID: 100100000}
  m_GameObject: {fileID: 172184}
  m_LocalRotation: {x: 0, y: 0, z: 0, w: 1}
  m_LocalPosition: {x: 0, y: 0, z: 0}
  m_LocalScale: {x: 1, y: 1, z: 1}
  m_LocalEulerAnglesHint: {x: 0, y: 0, z: 0}
  m_Children:
  - {fileID: 224000011220807882}
  m_Father: {fileID: 0}
  m_RootOrder: 0
  m_AnchorMin: {x: 0.5, y: 0.5}
  m_AnchorMax: {x: 0.5, y: 0.5}
  m_AnchoredPosition: {x: 193.2, y: -387.4}
  m_SizeDelta: {x: 180, y: 180}
  m_Pivot: {x: 0.5, y: 0.5}
--- !u!1001 &100100000
Prefab:
  m_ObjectHideFlags: 1
  serializedVersion: 2
  m_Modification:
    m_TransformParent: {fileID: 0}
    m_Modifications:
    - target: {fileID: 0}
      propertyPath: levelSprites.Array.size
      value: 4
      objectReference: {fileID: 0}
    - target: {fileID: 0}
      propertyPath: exerciesSprites.Array.size
      value: 60
      objectReference: {fileID: 0}
    - target: {fileID: 0}
      propertyPath: lvl1
      value: 
      objectReference: {fileID: 21300000, guid: e485d445abd384b949f70f2fcfa9c1c6,
        type: 3}
    - target: {fileID: 0}
      propertyPath: lvl2
      value: 
      objectReference: {fileID: 21300000, guid: dcd5cd071dc7f4d6f9661081ddf843de,
        type: 3}
    - target: {fileID: 0}
      propertyPath: lvl3
      value: 
      objectReference: {fileID: 21300000, guid: e634e40dcd8ff478fb23916b7ab59949,
        type: 3}
    - target: {fileID: 0}
      propertyPath: levelSprites.Array.data[0]
      value: 
      objectReference: {fileID: 0}
    - target: {fileID: 0}
      propertyPath: levelSprites.Array.data[1]
      value: 
      objectReference: {fileID: 21300000, guid: e485d445abd384b949f70f2fcfa9c1c6,
        type: 3}
    - target: {fileID: 0}
      propertyPath: levelSprites.Array.data[2]
      value: 
      objectReference: {fileID: 21300000, guid: dcd5cd071dc7f4d6f9661081ddf843de,
        type: 3}
    - target: {fileID: 0}
      propertyPath: levelSprites.Array.data[3]
      value: 
      objectReference: {fileID: 21300000, guid: e634e40dcd8ff478fb23916b7ab59949,
        type: 3}
    - target: {fileID: 0}
      propertyPath: exerciesSprites.Array.data[0]
      value: 
      objectReference: {fileID: 21300000, guid: 1acd2e9646df44de7a0bb9148e6dacb2,
        type: 3}
    - target: {fileID: 0}
      propertyPath: exerciesSprites.Array.data[1]
      value: 
      objectReference: {fileID: 21300000, guid: be2b1c12b04e7444aad88debedd263b5,
        type: 3}
    - target: {fileID: 0}
      propertyPath: exerciesSprites.Array.data[2]
      value: 
      objectReference: {fileID: 21300000, guid: 2f598c04a32b04c31a5c26f539762c26,
        type: 3}
    - target: {fileID: 0}
      propertyPath: exerciesSprites.Array.data[3]
      value: 
      objectReference: {fileID: 21300000, guid: f0702e3241b3a435e971bd21dbb15198,
        type: 3}
    - target: {fileID: 0}
      propertyPath: exerciesSprites.Array.data[4]
      value: 
      objectReference: {fileID: 21300000, guid: 9ff91e490d3074558ab22db595db4c8e,
        type: 3}
    - target: {fileID: 0}
      propertyPath: exerciesSprites.Array.data[5]
      value: 
      objectReference: {fileID: 21300000, guid: 6edacd2cd672c4e68811600234196217,
        type: 3}
    - target: {fileID: 0}
      propertyPath: exerciesSprites.Array.data[6]
      value: 
      objectReference: {fileID: 21300000, guid: a30946d8f797e4d7e875c0a168bc89aa,
        type: 3}
    - target: {fileID: 0}
      propertyPath: exerciesSprites.Array.data[7]
      value: 
      objectReference: {fileID: 21300000, guid: 33a0def475c0545d589f4027f210ffef,
        type: 3}
    - target: {fileID: 0}
      propertyPath: exerciesSprites.Array.data[8]
      value: 
      objectReference: {fileID: 21300000, guid: 272689b61f7184682a9add5cc0d22318,
        type: 3}
    - target: {fileID: 0}
      propertyPath: exerciesSprites.Array.data[9]
      value: 
      objectReference: {fileID: 21300000, guid: f1953f2c870cf422abfd898273578f09,
        type: 3}
    - target: {fileID: 0}
      propertyPath: exerciesLevelSpritesList
      value: 
      objectReference: {fileID: 188584, guid: 6e71d13d8dbcb584ea3298471844e0f9, type: 2}
    - target: {fileID: 0}
      propertyPath: exerciseSpritesList
      value: 
      objectReference: {fileID: 188584, guid: 01db758b119c6cf40ae7326376f49bb2, type: 2}
    - target: {fileID: 0}
      propertyPath: m_Sprite
      value: 
      objectReference: {fileID: 21300000, guid: 9e4f15950cb42a24cac118abb53212a1,
        type: 3}
    - target: {fileID: 0}
      propertyPath: m_Type
      value: 0
      objectReference: {fileID: 0}
    - target: {fileID: 0}
      propertyPath: m_PreserveAspect
      value: 1
      objectReference: {fileID: 0}
    - target: {fileID: 0}
      propertyPath: m_Enabled
      value: 1
      objectReference: {fileID: 0}
    m_RemovedComponents: []
  m_ParentPrefab: {fileID: 0}
  m_RootGameObject: {fileID: 172184}
  m_IsPrefabParent: 1
--- !u!1 &1000014042464708
GameObject:
  m_ObjectHideFlags: 0
  m_PrefabParentObject: {fileID: 0}
  m_PrefabInternal: {fileID: 100100000}
  serializedVersion: 4
  m_Component:
  - 224: {fileID: 224000011220807882}
  - 222: {fileID: 222000012041140636}
  - 114: {fileID: 114000012385694316}
  - 95: {fileID: 95000014158865444}
  m_Layer: 13
  m_Name: Icon
  m_TagString: Untagged
  m_Icon: {fileID: 0}
  m_NavMeshLayer: 0
  m_StaticEditorFlags: 0
  m_IsActive: 1
--- !u!95 &95000014158865444
Animator:
  serializedVersion: 3
  m_ObjectHideFlags: 1
  m_PrefabParentObject: {fileID: 0}
  m_PrefabInternal: {fileID: 100100000}
  m_GameObject: {fileID: 1000014042464708}
  m_Enabled: 1
  m_Avatar: {fileID: 0}
  m_Controller: {fileID: 9100000, guid: 907a2b78a2795844b855e92e50901304, type: 2}
  m_CullingMode: 0
  m_UpdateMode: 0
  m_ApplyRootMotion: 0
  m_LinearVelocityBlending: 0
  m_WarningMessage: 
  m_HasTransformHierarchy: 1
  m_AllowConstantClipSamplingOptimization: 1
--- !u!114 &114000012385694316
MonoBehaviour:
  m_ObjectHideFlags: 1
  m_PrefabParentObject: {fileID: 0}
  m_PrefabInternal: {fileID: 100100000}
  m_GameObject: {fileID: 1000014042464708}
  m_Enabled: 1
  m_EditorHideFlags: 0
  m_Script: {fileID: -765806418, guid: f5f67c52d1564df4a8936ccd202a3bd8, type: 3}
  m_Name: 
  m_EditorClassIdentifier: 
  m_Material: {fileID: 0}
  m_Color: {r: 1, g: 1, b: 1, a: 1}
  m_RaycastTarget: 0
  m_OnCullStateChanged:
    m_PersistentCalls:
      m_Calls: []
    m_TypeName: UnityEngine.UI.MaskableGraphic+CullStateChangedEvent, UnityEngine.UI,
      Version=1.0.0.0, Culture=neutral, PublicKeyToken=null
  m_Sprite: {fileID: 21300000, guid: dbb2f8adf85035c43a3809c447628104, type: 3}
  m_Type: 0
  m_PreserveAspect: 1
  m_FillCenter: 1
  m_FillMethod: 4
  m_FillAmount: 1
  m_FillClockwise: 1
  m_FillOrigin: 0
--- !u!222 &222000012041140636
CanvasRenderer:
  m_ObjectHideFlags: 1
  m_PrefabParentObject: {fileID: 0}
  m_PrefabInternal: {fileID: 100100000}
  m_GameObject: {fileID: 1000014042464708}
--- !u!224 &224000011220807882
RectTransform:
  m_ObjectHideFlags: 1
  m_PrefabParentObject: {fileID: 0}
  m_PrefabInternal: {fileID: 100100000}
  m_GameObject: {fileID: 1000014042464708}
  m_LocalRotation: {x: 0, y: 0, z: 0, w: 1}
  m_LocalPosition: {x: 0, y: 0, z: 0}
  m_LocalScale: {x: 1, y: 1, z: 1}
  m_LocalEulerAnglesHint: {x: 0, y: 0, z: 0}
  m_Children: []
  m_Father: {fileID: 22477720}
  m_RootOrder: 0
  m_AnchorMin: {x: 0.5, y: 1}
  m_AnchorMax: {x: 0.5, y: 1}
  m_AnchoredPosition: {x: 0, y: 0}
  m_SizeDelta: {x: 180, y: 180}
  m_Pivot: {x: 0.5, y: 0}
