%YAML 1.1
%TAG !u! tag:unity3d.com,2011:
--- !u!1 &104932
GameObject:
  m_ObjectHideFlags: 0
  m_PrefabParentObject: {fileID: 0}
  m_PrefabInternal: {fileID: 100100000}
  serializedVersion: 4
  m_Component:
  - 4: {fileID: 417376}
  - 33: {fileID: 3366852}
  - 23: {fileID: 2322654}
  - 114: {fileID: 11445036}
  - 114: {fileID: 11418066}
  - 114: {fileID: 11427134}
  - 64: {fileID: 6498784}
  m_Layer: 10
  m_Name: x_picture_1
  m_TagString: Untagged
  m_Icon: {fileID: 0}
  m_NavMeshLayer: 0
  m_StaticEditorFlags: 0
  m_IsActive: 1
--- !u!4 &417376
Transform:
  m_ObjectHideFlags: 1
  m_PrefabParentObject: {fileID: 0}
  m_PrefabInternal: {fileID: 100100000}
  m_GameObject: {fileID: 104932}
  m_LocalRotation: {x: 0, y: 0, z: 0, w: 1}
  m_LocalPosition: {x: 0, y: 0, z: 0}
  m_LocalScale: {x: 1, y: 1, z: 1}
  m_LocalEulerAnglesHint: {x: 0, y: 0, z: 0}
  m_Children: []
  m_Father: {fileID: 0}
  m_RootOrder: 0
--- !u!23 &2322654
MeshRenderer:
  m_ObjectHideFlags: 1
  m_PrefabParentObject: {fileID: 0}
  m_PrefabInternal: {fileID: 100100000}
  m_GameObject: {fileID: 104932}
  m_Enabled: 1
  m_CastShadows: 1
  m_ReceiveShadows: 1
  m_MotionVectors: 1
  m_LightProbeUsage: 1
  m_ReflectionProbeUsage: 1
  m_Materials:
  - {fileID: 2100000, guid: cd47ffc632885ea4ca4fa140140fb188, type: 2}
  m_SubsetIndices: 
  m_StaticBatchRoot: {fileID: 0}
  m_ProbeAnchor: {fileID: 0}
  m_LightProbeVolumeOverride: {fileID: 0}
  m_ScaleInLightmap: 1
  m_PreserveUVs: 0
  m_IgnoreNormalsForChartDetection: 0
  m_ImportantGI: 0
  m_SelectedWireframeHidden: 0
  m_MinimumChartSize: 4
  m_AutoUVMaxDistance: 0.5
  m_AutoUVMaxAngle: 89
  m_LightmapParameters: {fileID: 0}
  m_SortingLayerID: 0
  m_SortingOrder: 0
--- !u!33 &3366852
MeshFilter:
  m_ObjectHideFlags: 1
  m_PrefabParentObject: {fileID: 0}
  m_PrefabInternal: {fileID: 100100000}
  m_GameObject: {fileID: 104932}
  m_Mesh: {fileID: 4300000, guid: a1ad1ad7516cf4449a25d0ea69fed5a4, type: 3}
--- !u!64 &6498784
MeshCollider:
  m_ObjectHideFlags: 1
  m_PrefabParentObject: {fileID: 0}
  m_PrefabInternal: {fileID: 100100000}
  m_GameObject: {fileID: 104932}
  m_Material: {fileID: 0}
  m_IsTrigger: 0
  m_Enabled: 1
  serializedVersion: 2
  m_Convex: 1
  m_Mesh: {fileID: 4300000, guid: a1ad1ad7516cf4449a25d0ea69fed5a4, type: 3}
--- !u!114 &11418066
MonoBehaviour:
  m_ObjectHideFlags: 1
  m_PrefabParentObject: {fileID: 0}
  m_PrefabInternal: {fileID: 100100000}
  m_GameObject: {fileID: 104932}
  m_Enabled: 1
  m_EditorHideFlags: 0
  m_Script: {fileID: 11500000, guid: da64b2f43cf7ca945ae08568c74d8304, type: 3}
  m_Name: 
  m_EditorClassIdentifier: 
  estateType: 0
  size:
    x: 4
    y: 1
  shift: {x: 0, y: 0, z: 0.4}
  carpetAndMarkersShift: {x: 0, y: 0, z: 0}
  additionalRotation: 270
  occupiesFloorSpace: 0
  wallMounted: 1
  hasWallMargin: 0
  carpetPrefab: {fileID: 0}
  selectionPrefab: {fileID: 0}
  alwaysAnimated: 0
  editable: 1
  selectable: 1
  initiallyLocked: 0
  exerciseMovementTransitionTime: 0
  exerciseRotationTransitionTime: 0
--- !u!114 &11427134
MonoBehaviour:
  m_ObjectHideFlags: 1
  m_PrefabParentObject: {fileID: 0}
  m_PrefabInternal: {fileID: 100100000}
  m_GameObject: {fileID: 104932}
  m_Enabled: 1
  m_EditorHideFlags: 0
  m_Script: {fileID: 11500000, guid: 7b2b77c31a61625408b6f9471759b9d4, type: 3}
  m_Name: 
  m_EditorClassIdentifier: 
  customPolicy: {fileID: 0}
--- !u!114 &11445036
MonoBehaviour:
  m_ObjectHideFlags: 1
  m_PrefabParentObject: {fileID: 0}
  m_PrefabInternal: {fileID: 100100000}
  m_GameObject: {fileID: 104932}
  m_Enabled: 1
  m_EditorHideFlags: 0
  m_Script: {fileID: 11500000, guid: fbe8248eb640512418423e20f2a15c8b, type: 3}
  m_Name: 
  m_EditorClassIdentifier: 
  useBottomPoint: 0
  positionOffset: {x: 0, y: 0, z: 0}
--- !u!1001 &100100000
Prefab:
  m_ObjectHideFlags: 1
  serializedVersion: 2
  m_Modification:
    m_TransformParent: {fileID: 0}
    m_Modifications:
    - target: {fileID: 0}
      propertyPath: m_Layer
      value: 10
      objectReference: {fileID: 0}
    - target: {fileID: 0}
      propertyPath: size.x
      value: 1
      objectReference: {fileID: 0}
    - target: {fileID: 0}
      propertyPath: shift.x
      value: 0.5
      objectReference: {fileID: 0}
    m_RemovedComponents: []
  m_ParentPrefab: {fileID: 0}
  m_RootGameObject: {fileID: 104932}
  m_IsPrefabParent: 1
