%YAML 1.1
%TAG !u! tag:unity3d.com,2011:
--- !u!91 &9100000
AnimatorController:
  m_ObjectHideFlags: 0
  m_PrefabParentObject: {fileID: 0}
  m_PrefabInternal: {fileID: 0}
  m_Name: Traffic Control
  serializedVersion: 5
  m_AnimatorParameters:
  - m_Name: SpeedMultiplier
    m_Type: 1
    m_DefaultFloat: .100000001
    m_DefaultInt: 0
    m_DefaultBool: 0
    m_Controller: {fileID: 9100000}
  - m_Name: CarRandomizer
    m_Type: 3
    m_DefaultFloat: 0
    m_DefaultInt: 0
    m_DefaultBool: 0
    m_Controller: {fileID: 9100000}
  - m_Name: Route1EntryOpen
    m_Type: 9
    m_DefaultFloat: 0
    m_DefaultInt: 0
    m_DefaultBool: 1
    m_Controller: {fileID: 9100000}
  - m_Name: Route2EntryOpen
    m_Type: 9
    m_DefaultFloat: 0
    m_DefaultInt: 0
    m_DefaultBool: 1
    m_Controller: {fileID: 9100000}
  - m_Name: Route3EntryOpen
    m_Type: 9
    m_DefaultFloat: 0
    m_DefaultInt: 0
    m_DefaultBool: 1
    m_Controller: {fileID: 9100000}
  - m_Name: Car1Ready
    m_Type: 9
    m_DefaultFloat: 0
    m_DefaultInt: 0
    m_DefaultBool: 1
    m_Controller: {fileID: 9100000}
  - m_Name: Car2Ready
    m_Type: 9
    m_DefaultFloat: 0
    m_DefaultInt: 0
    m_DefaultBool: 1
    m_Controller: {fileID: 9100000}
  - m_Name: Car3Ready
    m_Type: 9
    m_DefaultFloat: 0
    m_DefaultInt: 0
    m_DefaultBool: 1
    m_Controller: {fileID: 9100000}
  m_AnimatorLayers:
  - serializedVersion: 5
    m_Name: Intersection Control
    m_StateMachine: {fileID: 110741606}
    m_Mask: {fileID: 0}
    m_Motions: []
    m_Behaviours: []
    m_BlendingMode: 0
    m_SyncedLayerIndex: -1
    m_DefaultWeight: 0
    m_IKPass: 0
    m_SyncedLayerAffectsTiming: 0
    m_Controller: {fileID: 9100000}
  - serializedVersion: 5
    m_Name: Routes Control
    m_StateMachine: {fileID: 110753568}
    m_Mask: {fileID: 0}
    m_Motions: []
    m_Behaviours: []
    m_BlendingMode: 1
    m_SyncedLayerIndex: -1
    m_DefaultWeight: 1
    m_IKPass: 0
    m_SyncedLayerAffectsTiming: 0
    m_Controller: {fileID: 9100000}
--- !u!114 &11405482
MonoBehaviour:
  m_ObjectHideFlags: 1
  m_PrefabParentObject: {fileID: 0}
  m_PrefabInternal: {fileID: 0}
  m_GameObject: {fileID: 0}
  m_Enabled: 1
  m_EditorHideFlags: 0
  m_Script: {fileID: 11500000, guid: 8db467259a3ce5745ac65efb983b8949, type: 3}
  m_Name: 
  m_EditorClassIdentifier: 
  parameterName: SelectedRoute
  setFor: 4
  objectPath: Car Mover 1
  value:
    parameterType: 3
    boolOrTriggerValue: 0
    integerValue: 1
    floatValue: 0
  otherParameter: 
  setOnEnter: 1
  setOnExit: 0
  setOnUpdate: 0
--- !u!114 &11405606
MonoBehaviour:
  m_ObjectHideFlags: 1
  m_PrefabParentObject: {fileID: 0}
  m_PrefabInternal: {fileID: 0}
  m_GameObject: {fileID: 0}
  m_Enabled: 1
  m_EditorHideFlags: 0
  m_Script: {fileID: 11500000, guid: 8db467259a3ce5745ac65efb983b8949, type: 3}
  m_Name: 
  m_EditorClassIdentifier: 
  parameterName: SelectedRoute
  setFor: 4
  objectPath: Car Mover 3
  value:
    parameterType: 3
    boolOrTriggerValue: 0
    integerValue: 1
    floatValue: 0
  otherParameter: 
  setOnEnter: 1
  setOnExit: 0
  setOnUpdate: 0
--- !u!114 &11407262
MonoBehaviour:
  m_ObjectHideFlags: 1
  m_PrefabParentObject: {fileID: 0}
  m_PrefabInternal: {fileID: 0}
  m_GameObject: {fileID: 0}
  m_Enabled: 1
  m_EditorHideFlags: 0
  m_Script: {fileID: 11500000, guid: 8db467259a3ce5745ac65efb983b8949, type: 3}
  m_Name: 
  m_EditorClassIdentifier: 
  parameterName: CarId
  setFor: 4
  objectPath: Car Mover 3
  value:
    parameterType: 3
    boolOrTriggerValue: 0
    integerValue: 3
    floatValue: 3
  otherParameter: 
  setOnEnter: 1
  setOnExit: 0
  setOnUpdate: 0
--- !u!114 &11411536
MonoBehaviour:
  m_ObjectHideFlags: 1
  m_PrefabParentObject: {fileID: 0}
  m_PrefabInternal: {fileID: 0}
  m_GameObject: {fileID: 0}
  m_Enabled: 1
  m_EditorHideFlags: 0
  m_Script: {fileID: 11500000, guid: dcf49df3524cb244fad75b8c3cac8ee6, type: 3}
  m_Name: 
  m_EditorClassIdentifier: 
  parameterName: CarRandomizer
  generateOnEnter: 1
  generateOnExit: 0
  generateOnUpdate: 1
  min: 1
  max: 3
--- !u!114 &11417964
MonoBehaviour:
  m_ObjectHideFlags: 1
  m_PrefabParentObject: {fileID: 0}
  m_PrefabInternal: {fileID: 0}
  m_GameObject: {fileID: 0}
  m_Enabled: 1
  m_EditorHideFlags: 0
  m_Script: {fileID: 11500000, guid: 8db467259a3ce5745ac65efb983b8949, type: 3}
  m_Name: 
  m_EditorClassIdentifier: 
  parameterName: SelectedRoute
  setFor: 4
  objectPath: Car Mover 2
  value:
    parameterType: 3
    boolOrTriggerValue: 0
    integerValue: 2
    floatValue: 0
  otherParameter: 
  setOnEnter: 1
  setOnExit: 0
  setOnUpdate: 0
--- !u!114 &11424024
MonoBehaviour:
  m_ObjectHideFlags: 1
  m_PrefabParentObject: {fileID: 0}
  m_PrefabInternal: {fileID: 0}
  m_GameObject: {fileID: 0}
  m_Enabled: 1
  m_EditorHideFlags: 0
  m_Script: {fileID: 11500000, guid: 8db467259a3ce5745ac65efb983b8949, type: 3}
  m_Name: 
  m_EditorClassIdentifier: 
  parameterName: SelectedRoute
  setFor: 4
  objectPath: Car Mover 1
  value:
    parameterType: 3
    boolOrTriggerValue: 0
    integerValue: 3
    floatValue: 0
  otherParameter: 
  setOnEnter: 1
  setOnExit: 0
  setOnUpdate: 0
--- !u!114 &11424746
MonoBehaviour:
  m_ObjectHideFlags: 1
  m_PrefabParentObject: {fileID: 0}
  m_PrefabInternal: {fileID: 0}
  m_GameObject: {fileID: 0}
  m_Enabled: 1
  m_EditorHideFlags: 0
  m_Script: {fileID: 11500000, guid: 8db467259a3ce5745ac65efb983b8949, type: 3}
  m_Name: 
  m_EditorClassIdentifier: 
  parameterName: IntersectionState
  setFor: 4
  objectPath: 
  value:
    parameterType: 3
    boolOrTriggerValue: 0
    integerValue: 0
    floatValue: 0
  otherParameter: 
  setOnEnter: 1
  setOnExit: 0
  setOnUpdate: 0
--- !u!114 &11426370
MonoBehaviour:
  m_ObjectHideFlags: 1
  m_PrefabParentObject: {fileID: 0}
  m_PrefabInternal: {fileID: 0}
  m_GameObject: {fileID: 0}
  m_Enabled: 1
  m_EditorHideFlags: 0
  m_Script: {fileID: 11500000, guid: 8db467259a3ce5745ac65efb983b8949, type: 3}
  m_Name: 
  m_EditorClassIdentifier: 
  parameterName: IntersectionState
  setFor: 4
  objectPath: 
  value:
    parameterType: 3
    boolOrTriggerValue: 0
    integerValue: 3
    floatValue: 0
  otherParameter: 
  setOnEnter: 1
  setOnExit: 0
  setOnUpdate: 0
--- !u!114 &11426538
MonoBehaviour:
  m_ObjectHideFlags: 1
  m_PrefabParentObject: {fileID: 0}
  m_PrefabInternal: {fileID: 0}
  m_GameObject: {fileID: 0}
  m_Enabled: 1
  m_EditorHideFlags: 0
  m_Script: {fileID: 11500000, guid: 8db467259a3ce5745ac65efb983b8949, type: 3}
  m_Name: 
  m_EditorClassIdentifier: 
  parameterName: CarId
  setFor: 4
  objectPath: Car Mover 1
  value:
    parameterType: 3
    boolOrTriggerValue: 0
    integerValue: 1
    floatValue: 1
  otherParameter: 
  setOnEnter: 1
  setOnExit: 0
  setOnUpdate: 0
--- !u!114 &11428950
MonoBehaviour:
  m_ObjectHideFlags: 1
  m_PrefabParentObject: {fileID: 0}
  m_PrefabInternal: {fileID: 0}
  m_GameObject: {fileID: 0}
  m_Enabled: 1
  m_EditorHideFlags: 0
  m_Script: {fileID: 11500000, guid: 8db467259a3ce5745ac65efb983b8949, type: 3}
  m_Name: 
  m_EditorClassIdentifier: 
  parameterName: IntersectionState
  setFor: 4
  objectPath: 
  value:
    parameterType: 3
    boolOrTriggerValue: 0
    integerValue: 0
    floatValue: 0
  otherParameter: 
  setOnEnter: 0
  setOnExit: 1
  setOnUpdate: 0
--- !u!114 &11429414
MonoBehaviour:
  m_ObjectHideFlags: 1
  m_PrefabParentObject: {fileID: 0}
  m_PrefabInternal: {fileID: 0}
  m_GameObject: {fileID: 0}
  m_Enabled: 1
  m_EditorHideFlags: 0
  m_Script: {fileID: 11500000, guid: 8db467259a3ce5745ac65efb983b8949, type: 3}
  m_Name: 
  m_EditorClassIdentifier: 
  parameterName: IntersectionState
  setFor: 4
  objectPath: 
  value:
    parameterType: 3
    boolOrTriggerValue: 0
    integerValue: 2
    floatValue: 0
  otherParameter: 
  setOnEnter: 1
  setOnExit: 0
  setOnUpdate: 0
--- !u!114 &11434894
MonoBehaviour:
  m_ObjectHideFlags: 1
  m_PrefabParentObject: {fileID: 0}
  m_PrefabInternal: {fileID: 0}
  m_GameObject: {fileID: 0}
  m_Enabled: 1
  m_EditorHideFlags: 0
  m_Script: {fileID: 11500000, guid: 8db467259a3ce5745ac65efb983b8949, type: 3}
  m_Name: 
  m_EditorClassIdentifier: 
  parameterName: SelectedRoute
  setFor: 4
  objectPath: Car Mover 3
  value:
    parameterType: 3
    boolOrTriggerValue: 0
    integerValue: 3
    floatValue: 0
  otherParameter: 
  setOnEnter: 1
  setOnExit: 0
  setOnUpdate: 0
--- !u!114 &11438254
MonoBehaviour:
  m_ObjectHideFlags: 1
  m_PrefabParentObject: {fileID: 0}
  m_PrefabInternal: {fileID: 0}
  m_GameObject: {fileID: 0}
  m_Enabled: 1
  m_EditorHideFlags: 0
  m_Script: {fileID: 11500000, guid: 8db467259a3ce5745ac65efb983b8949, type: 3}
  m_Name: 
  m_EditorClassIdentifier: 
  parameterName: SelectedRoute
  setFor: 4
  objectPath: Car Mover 3
  value:
    parameterType: 3
    boolOrTriggerValue: 0
    integerValue: 2
    floatValue: 0
  otherParameter: 
  setOnEnter: 1
  setOnExit: 0
  setOnUpdate: 0
--- !u!114 &11446542
MonoBehaviour:
  m_ObjectHideFlags: 1
  m_PrefabParentObject: {fileID: 0}
  m_PrefabInternal: {fileID: 0}
  m_GameObject: {fileID: 0}
  m_Enabled: 1
  m_EditorHideFlags: 0
  m_Script: {fileID: 11500000, guid: dcf49df3524cb244fad75b8c3cac8ee6, type: 3}
  m_Name: 
  m_EditorClassIdentifier: 
  parameterName: CarRandomizer
  generateOnEnter: 1
  generateOnExit: 0
  generateOnUpdate: 1
  min: 1
  max: 3
--- !u!114 &11448660
MonoBehaviour:
  m_ObjectHideFlags: 1
  m_PrefabParentObject: {fileID: 0}
  m_PrefabInternal: {fileID: 0}
  m_GameObject: {fileID: 0}
  m_Enabled: 1
  m_EditorHideFlags: 0
  m_Script: {fileID: 11500000, guid: 8db467259a3ce5745ac65efb983b8949, type: 3}
  m_Name: 
  m_EditorClassIdentifier: 
  parameterName: SelectedRoute
  setFor: 4
  objectPath: Car Mover 2
  value:
    parameterType: 3
    boolOrTriggerValue: 0
    integerValue: 1
    floatValue: 0
  otherParameter: 
  setOnEnter: 1
  setOnExit: 0
  setOnUpdate: 0
--- !u!114 &11449486
MonoBehaviour:
  m_ObjectHideFlags: 1
  m_PrefabParentObject: {fileID: 0}
  m_PrefabInternal: {fileID: 0}
  m_GameObject: {fileID: 0}
  m_Enabled: 1
  m_EditorHideFlags: 0
  m_Script: {fileID: 11500000, guid: dcf49df3524cb244fad75b8c3cac8ee6, type: 3}
  m_Name: 
  m_EditorClassIdentifier: 
  parameterName: CarRandomizer
  generateOnEnter: 1
  generateOnExit: 0
  generateOnUpdate: 1
  min: 1
  max: 3
--- !u!114 &11454308
MonoBehaviour:
  m_ObjectHideFlags: 1
  m_PrefabParentObject: {fileID: 0}
  m_PrefabInternal: {fileID: 0}
  m_GameObject: {fileID: 0}
  m_Enabled: 1
  m_EditorHideFlags: 0
  m_Script: {fileID: 11500000, guid: 8db467259a3ce5745ac65efb983b8949, type: 3}
  m_Name: 
  m_EditorClassIdentifier: 
  parameterName: CarId
  setFor: 4
  objectPath: Car Mover 2
  value:
    parameterType: 3
    boolOrTriggerValue: 0
    integerValue: 2
    floatValue: 2
  otherParameter: 
  setOnEnter: 1
  setOnExit: 0
  setOnUpdate: 0
--- !u!114 &11460874
MonoBehaviour:
  m_ObjectHideFlags: 1
  m_PrefabParentObject: {fileID: 0}
  m_PrefabInternal: {fileID: 0}
  m_GameObject: {fileID: 0}
  m_Enabled: 1
  m_EditorHideFlags: 0
  m_Script: {fileID: 11500000, guid: 8db467259a3ce5745ac65efb983b8949, type: 3}
  m_Name: 
  m_EditorClassIdentifier: 
  parameterName: SelectedRoute
  setFor: 4
  objectPath: Car Mover 2
  value:
    parameterType: 3
    boolOrTriggerValue: 0
    integerValue: 3
    floatValue: 0
  otherParameter: 
  setOnEnter: 1
  setOnExit: 0
  setOnUpdate: 0
--- !u!114 &11473420
MonoBehaviour:
  m_ObjectHideFlags: 1
  m_PrefabParentObject: {fileID: 0}
  m_PrefabInternal: {fileID: 0}
  m_GameObject: {fileID: 0}
  m_Enabled: 1
  m_EditorHideFlags: 0
  m_Script: {fileID: 11500000, guid: 8db467259a3ce5745ac65efb983b8949, type: 3}
  m_Name: 
  m_EditorClassIdentifier: 
  parameterName: SelectedRoute
  setFor: 4
  objectPath: Car Mover 1
  value:
    parameterType: 3
    boolOrTriggerValue: 0
    integerValue: 2
    floatValue: 0
  otherParameter: 
  setOnEnter: 1
  setOnExit: 0
  setOnUpdate: 0
--- !u!114 &11488298
MonoBehaviour:
  m_ObjectHideFlags: 1
  m_PrefabParentObject: {fileID: 0}
  m_PrefabInternal: {fileID: 0}
  m_GameObject: {fileID: 0}
  m_Enabled: 1
  m_EditorHideFlags: 0
  m_Script: {fileID: 11500000, guid: 8db467259a3ce5745ac65efb983b8949, type: 3}
  m_Name: 
  m_EditorClassIdentifier: 
  parameterName: IntersectionState
  setFor: 4
  objectPath: 
  value:
    parameterType: 3
    boolOrTriggerValue: 0
    integerValue: 0
    floatValue: 0
  otherParameter: 
  setOnEnter: 0
  setOnExit: 1
  setOnUpdate: 0
--- !u!114 &11490292
MonoBehaviour:
  m_ObjectHideFlags: 1
  m_PrefabParentObject: {fileID: 0}
  m_PrefabInternal: {fileID: 0}
  m_GameObject: {fileID: 0}
  m_Enabled: 1
  m_EditorHideFlags: 0
  m_Script: {fileID: 11500000, guid: 8db467259a3ce5745ac65efb983b8949, type: 3}
  m_Name: 
  m_EditorClassIdentifier: 
  parameterName: IntersectionState
  setFor: 4
  objectPath: 
  value:
    parameterType: 3
    boolOrTriggerValue: 0
    integerValue: 0
    floatValue: 0
  otherParameter: 
  setOnEnter: 0
  setOnExit: 1
  setOnUpdate: 0
--- !u!114 &11492236
MonoBehaviour:
  m_ObjectHideFlags: 1
  m_PrefabParentObject: {fileID: 0}
  m_PrefabInternal: {fileID: 0}
  m_GameObject: {fileID: 0}
  m_Enabled: 1
  m_EditorHideFlags: 0
  m_Script: {fileID: 11500000, guid: 8db467259a3ce5745ac65efb983b8949, type: 3}
  m_Name: 
  m_EditorClassIdentifier: 
  parameterName: IntersectionState
  setFor: 4
  objectPath: 
  value:
    parameterType: 3
    boolOrTriggerValue: 0
    integerValue: 1
    floatValue: 0
  otherParameter: 
  setOnEnter: 1
  setOnExit: 0
  setOnUpdate: 0
--- !u!1101 &110100578
AnimatorStateTransition:
  m_ObjectHideFlags: 1
  m_PrefabParentObject: {fileID: 0}
  m_PrefabInternal: {fileID: 0}
  m_Name: 
  m_Conditions: []
  m_DstStateMachine: {fileID: 0}
  m_DstState: {fileID: 110219228}
  m_Solo: 0
  m_Mute: 0
  m_IsExit: 0
  serializedVersion: 3
  m_TransitionDuration: 0
  m_TransitionOffset: 0
  m_ExitTime: 1
  m_HasExitTime: 1
  m_HasFixedDuration: 1
  m_InterruptionSource: 0
  m_OrderedInterruption: 1
  m_CanTransitionToSelf: 1
--- !u!1101 &110107322
AnimatorStateTransition:
  m_ObjectHideFlags: 1
  m_PrefabParentObject: {fileID: 0}
  m_PrefabInternal: {fileID: 0}
  m_Name: 
  m_Conditions:
  - m_ConditionMode: 1
    m_ConditionEvent: Route1EntryOpen
    m_EventTreshold: 0
  m_DstStateMachine: {fileID: 0}
  m_DstState: {fileID: 110223010}
  m_Solo: 0
  m_Mute: 0
  m_IsExit: 0
  serializedVersion: 3
  m_TransitionDuration: 0
  m_TransitionOffset: 0
  m_ExitTime: 1
  m_HasExitTime: 1
  m_HasFixedDuration: 0
  m_InterruptionSource: 0
  m_OrderedInterruption: 1
  m_CanTransitionToSelf: 1
--- !u!1101 &110107506
AnimatorStateTransition:
  m_ObjectHideFlags: 1
  m_PrefabParentObject: {fileID: 0}
  m_PrefabInternal: {fileID: 0}
  m_Name: 
  m_Conditions: []
  m_DstStateMachine: {fileID: 0}
  m_DstState: {fileID: 110228642}
  m_Solo: 0
  m_Mute: 0
  m_IsExit: 0
  serializedVersion: 3
  m_TransitionDuration: 0
  m_TransitionOffset: 0
  m_ExitTime: 1
  m_HasExitTime: 1
  m_HasFixedDuration: 0
  m_InterruptionSource: 0
  m_OrderedInterruption: 1
  m_CanTransitionToSelf: 1
--- !u!1101 &110111456
AnimatorStateTransition:
  m_ObjectHideFlags: 1
  m_PrefabParentObject: {fileID: 0}
  m_PrefabInternal: {fileID: 0}
  m_Name: 
  m_Conditions:
  - m_ConditionMode: 6
    m_ConditionEvent: CarRandomizer
    m_EventTreshold: 3
  - m_ConditionMode: 1
    m_ConditionEvent: Car3Ready
    m_EventTreshold: 0
  m_DstStateMachine: {fileID: 0}
  m_DstState: {fileID: 110274116}
  m_Solo: 0
  m_Mute: 0
  m_IsExit: 0
  serializedVersion: 3
  m_TransitionDuration: 0
  m_TransitionOffset: 0
  m_ExitTime: 1
  m_HasExitTime: 1
  m_HasFixedDuration: 0
  m_InterruptionSource: 0
  m_OrderedInterruption: 1
  m_CanTransitionToSelf: 1
--- !u!1101 &110113428
AnimatorStateTransition:
  m_ObjectHideFlags: 1
  m_PrefabParentObject: {fileID: 0}
  m_PrefabInternal: {fileID: 0}
  m_Name: 
  m_Conditions: []
  m_DstStateMachine: {fileID: 0}
  m_DstState: {fileID: 110208234}
  m_Solo: 0
  m_Mute: 0
  m_IsExit: 0
  serializedVersion: 3
  m_TransitionDuration: 0
  m_TransitionOffset: 0
  m_ExitTime: 1
  m_HasExitTime: 1
  m_HasFixedDuration: 0
  m_InterruptionSource: 0
  m_OrderedInterruption: 1
  m_CanTransitionToSelf: 1
--- !u!1101 &110114850
AnimatorStateTransition:
  m_ObjectHideFlags: 1
  m_PrefabParentObject: {fileID: 0}
  m_PrefabInternal: {fileID: 0}
  m_Name: 
  m_Conditions: []
  m_DstStateMachine: {fileID: 0}
  m_DstState: {fileID: 0}
  m_Solo: 0
  m_Mute: 0
  m_IsExit: 1
  serializedVersion: 3
  m_TransitionDuration: 0
  m_TransitionOffset: 0
  m_ExitTime: 1
  m_HasExitTime: 1
  m_HasFixedDuration: 0
  m_InterruptionSource: 0
  m_OrderedInterruption: 1
  m_CanTransitionToSelf: 1
--- !u!1101 &110114904
AnimatorStateTransition:
  m_ObjectHideFlags: 1
  m_PrefabParentObject: {fileID: 0}
  m_PrefabInternal: {fileID: 0}
  m_Name: 
  m_Conditions:
  - m_ConditionMode: 1
    m_ConditionEvent: Route3EntryOpen
    m_EventTreshold: 0
  m_DstStateMachine: {fileID: 0}
  m_DstState: {fileID: 110220062}
  m_Solo: 0
  m_Mute: 0
  m_IsExit: 0
  serializedVersion: 3
  m_TransitionDuration: 0
  m_TransitionOffset: 0
  m_ExitTime: 1
  m_HasExitTime: 1
  m_HasFixedDuration: 0
  m_InterruptionSource: 0
  m_OrderedInterruption: 1
  m_CanTransitionToSelf: 1
--- !u!1101 &110126334
AnimatorStateTransition:
  m_ObjectHideFlags: 1
  m_PrefabParentObject: {fileID: 0}
  m_PrefabInternal: {fileID: 0}
  m_Name: 
  m_Conditions: []
  m_DstStateMachine: {fileID: 0}
  m_DstState: {fileID: 110275972}
  m_Solo: 0
  m_Mute: 0
  m_IsExit: 0
  serializedVersion: 3
  m_TransitionDuration: 0
  m_TransitionOffset: 0
  m_ExitTime: 1
  m_HasExitTime: 1
  m_HasFixedDuration: 0
  m_InterruptionSource: 0
  m_OrderedInterruption: 1
  m_CanTransitionToSelf: 1
--- !u!1101 &110135400
AnimatorStateTransition:
  m_ObjectHideFlags: 1
  m_PrefabParentObject: {fileID: 0}
  m_PrefabInternal: {fileID: 0}
  m_Name: 
  m_Conditions:
  - m_ConditionMode: 6
    m_ConditionEvent: CarRandomizer
    m_EventTreshold: 3
  - m_ConditionMode: 1
    m_ConditionEvent: Car3Ready
    m_EventTreshold: 0
  m_DstStateMachine: {fileID: 0}
  m_DstState: {fileID: 110282140}
  m_Solo: 0
  m_Mute: 0
  m_IsExit: 0
  serializedVersion: 3
  m_TransitionDuration: 0
  m_TransitionOffset: 0
  m_ExitTime: 1
  m_HasExitTime: 1
  m_HasFixedDuration: 0
  m_InterruptionSource: 0
  m_OrderedInterruption: 1
  m_CanTransitionToSelf: 1
--- !u!1101 &110137200
AnimatorStateTransition:
  m_ObjectHideFlags: 1
  m_PrefabParentObject: {fileID: 0}
  m_PrefabInternal: {fileID: 0}
  m_Name: 
  m_Conditions:
  - m_ConditionMode: 6
    m_ConditionEvent: CarRandomizer
    m_EventTreshold: 1
  - m_ConditionMode: 1
    m_ConditionEvent: Car1Ready
    m_EventTreshold: 0
  m_DstStateMachine: {fileID: 0}
  m_DstState: {fileID: 110286410}
  m_Solo: 0
  m_Mute: 0
  m_IsExit: 0
  serializedVersion: 3
  m_TransitionDuration: 0
  m_TransitionOffset: 0
  m_ExitTime: 1
  m_HasExitTime: 1
  m_HasFixedDuration: 0
  m_InterruptionSource: 0
  m_OrderedInterruption: 1
  m_CanTransitionToSelf: 1
--- !u!1101 &110141456
AnimatorStateTransition:
  m_ObjectHideFlags: 1
  m_PrefabParentObject: {fileID: 0}
  m_PrefabInternal: {fileID: 0}
  m_Name: 
  m_Conditions: []
  m_DstStateMachine: {fileID: 0}
  m_DstState: {fileID: 0}
  m_Solo: 0
  m_Mute: 0
  m_IsExit: 1
  serializedVersion: 3
  m_TransitionDuration: 0
  m_TransitionOffset: 0
  m_ExitTime: 1
  m_HasExitTime: 1
  m_HasFixedDuration: 0
  m_InterruptionSource: 0
  m_OrderedInterruption: 1
  m_CanTransitionToSelf: 1
--- !u!1101 &110144334
AnimatorStateTransition:
  m_ObjectHideFlags: 3
  m_PrefabParentObject: {fileID: 0}
  m_PrefabInternal: {fileID: 0}
  m_Name: 
  m_Conditions: []
  m_DstStateMachine: {fileID: 0}
  m_DstState: {fileID: 110261404}
  m_Solo: 0
  m_Mute: 0
  m_IsExit: 0
  serializedVersion: 3
  m_TransitionDuration: 0
  m_TransitionOffset: 0
  m_ExitTime: 1
  m_HasExitTime: 1
  m_HasFixedDuration: 0
  m_InterruptionSource: 0
  m_OrderedInterruption: 1
  m_CanTransitionToSelf: 1
--- !u!1101 &110152580
AnimatorStateTransition:
  m_ObjectHideFlags: 1
  m_PrefabParentObject: {fileID: 0}
  m_PrefabInternal: {fileID: 0}
  m_Name: 
  m_Conditions: []
  m_DstStateMachine: {fileID: 0}
  m_DstState: {fileID: 0}
  m_Solo: 0
  m_Mute: 0
  m_IsExit: 1
  serializedVersion: 3
  m_TransitionDuration: 0
  m_TransitionOffset: 0
  m_ExitTime: 1
  m_HasExitTime: 1
  m_HasFixedDuration: 0
  m_InterruptionSource: 0
  m_OrderedInterruption: 1
  m_CanTransitionToSelf: 1
--- !u!1101 &110161352
AnimatorStateTransition:
  m_ObjectHideFlags: 1
  m_PrefabParentObject: {fileID: 0}
  m_PrefabInternal: {fileID: 0}
  m_Name: 
  m_Conditions: []
  m_DstStateMachine: {fileID: 0}
  m_DstState: {fileID: 0}
  m_Solo: 0
  m_Mute: 0
  m_IsExit: 1
  serializedVersion: 3
  m_TransitionDuration: 0
  m_TransitionOffset: 0
  m_ExitTime: 1
  m_HasExitTime: 1
  m_HasFixedDuration: 0
  m_InterruptionSource: 0
  m_OrderedInterruption: 1
  m_CanTransitionToSelf: 1
--- !u!1101 &110167244
AnimatorStateTransition:
  m_ObjectHideFlags: 1
  m_PrefabParentObject: {fileID: 0}
  m_PrefabInternal: {fileID: 0}
  m_Name: 
  m_Conditions: []
  m_DstStateMachine: {fileID: 0}
  m_DstState: {fileID: 110223138}
  m_Solo: 0
  m_Mute: 0
  m_IsExit: 0
  serializedVersion: 3
  m_TransitionDuration: 0
  m_TransitionOffset: 0
  m_ExitTime: 1
  m_HasExitTime: 1
  m_HasFixedDuration: 1
  m_InterruptionSource: 0
  m_OrderedInterruption: 1
  m_CanTransitionToSelf: 1
--- !u!1101 &110168778
AnimatorStateTransition:
  m_ObjectHideFlags: 1
  m_PrefabParentObject: {fileID: 0}
  m_PrefabInternal: {fileID: 0}
  m_Name: 
  m_Conditions:
  - m_ConditionMode: 6
    m_ConditionEvent: CarRandomizer
    m_EventTreshold: 2
  - m_ConditionMode: 1
    m_ConditionEvent: Car2Ready
    m_EventTreshold: 0
  m_DstStateMachine: {fileID: 0}
  m_DstState: {fileID: 110246114}
  m_Solo: 0
  m_Mute: 0
  m_IsExit: 0
  serializedVersion: 3
  m_TransitionDuration: 0
  m_TransitionOffset: 0
  m_ExitTime: 1
  m_HasExitTime: 1
  m_HasFixedDuration: 0
  m_InterruptionSource: 0
  m_OrderedInterruption: 1
  m_CanTransitionToSelf: 1
--- !u!1101 &110169926
AnimatorStateTransition:
  m_ObjectHideFlags: 1
  m_PrefabParentObject: {fileID: 0}
  m_PrefabInternal: {fileID: 0}
  m_Name: 
  m_Conditions: []
  m_DstStateMachine: {fileID: 0}
  m_DstState: {fileID: 0}
  m_Solo: 0
  m_Mute: 0
  m_IsExit: 1
  serializedVersion: 3
  m_TransitionDuration: 0
  m_TransitionOffset: 0
  m_ExitTime: 1
  m_HasExitTime: 1
  m_HasFixedDuration: 0
  m_InterruptionSource: 0
  m_OrderedInterruption: 1
  m_CanTransitionToSelf: 1
--- !u!1101 &110172364
AnimatorStateTransition:
  m_ObjectHideFlags: 1
  m_PrefabParentObject: {fileID: 0}
  m_PrefabInternal: {fileID: 0}
  m_Name: 
  m_Conditions: []
  m_DstStateMachine: {fileID: 0}
  m_DstState: {fileID: 0}
  m_Solo: 0
  m_Mute: 0
  m_IsExit: 1
  serializedVersion: 3
  m_TransitionDuration: 0
  m_TransitionOffset: 0
  m_ExitTime: 1
  m_HasExitTime: 1
  m_HasFixedDuration: 0
  m_InterruptionSource: 0
  m_OrderedInterruption: 1
  m_CanTransitionToSelf: 1
--- !u!1101 &110183892
AnimatorStateTransition:
  m_ObjectHideFlags: 1
  m_PrefabParentObject: {fileID: 0}
  m_PrefabInternal: {fileID: 0}
  m_Name: 
  m_Conditions:
  - m_ConditionMode: 6
    m_ConditionEvent: CarRandomizer
    m_EventTreshold: 3
  - m_ConditionMode: 1
    m_ConditionEvent: Car3Ready
    m_EventTreshold: 0
  m_DstStateMachine: {fileID: 0}
  m_DstState: {fileID: 110258996}
  m_Solo: 0
  m_Mute: 0
  m_IsExit: 0
  serializedVersion: 3
  m_TransitionDuration: 0
  m_TransitionOffset: 0
  m_ExitTime: 1
  m_HasExitTime: 1
  m_HasFixedDuration: 0
  m_InterruptionSource: 0
  m_OrderedInterruption: 1
  m_CanTransitionToSelf: 1
--- !u!1101 &110185044
AnimatorStateTransition:
  m_ObjectHideFlags: 1
  m_PrefabParentObject: {fileID: 0}
  m_PrefabInternal: {fileID: 0}
  m_Name: 
  m_Conditions: []
  m_DstStateMachine: {fileID: 0}
  m_DstState: {fileID: 110261404}
  m_Solo: 0
  m_Mute: 0
  m_IsExit: 0
  serializedVersion: 3
  m_TransitionDuration: 0
  m_TransitionOffset: 0
  m_ExitTime: 1
  m_HasExitTime: 1
  m_HasFixedDuration: 0
  m_InterruptionSource: 0
  m_OrderedInterruption: 1
  m_CanTransitionToSelf: 1
--- !u!1101 &110188654
AnimatorStateTransition:
  m_ObjectHideFlags: 1
  m_PrefabParentObject: {fileID: 0}
  m_PrefabInternal: {fileID: 0}
  m_Name: 
  m_Conditions:
  - m_ConditionMode: 6
    m_ConditionEvent: CarRandomizer
    m_EventTreshold: 2
  - m_ConditionMode: 1
    m_ConditionEvent: Car2Ready
    m_EventTreshold: 0
  m_DstStateMachine: {fileID: 0}
  m_DstState: {fileID: 110261780}
  m_Solo: 0
  m_Mute: 0
  m_IsExit: 0
  serializedVersion: 3
  m_TransitionDuration: 0
  m_TransitionOffset: 0
  m_ExitTime: 1
  m_HasExitTime: 1
  m_HasFixedDuration: 0
  m_InterruptionSource: 0
  m_OrderedInterruption: 1
  m_CanTransitionToSelf: 1
--- !u!1101 &110188682
AnimatorStateTransition:
  m_ObjectHideFlags: 1
  m_PrefabParentObject: {fileID: 0}
  m_PrefabInternal: {fileID: 0}
  m_Name: 
  m_Conditions: []
  m_DstStateMachine: {fileID: 0}
  m_DstState: {fileID: 0}
  m_Solo: 0
  m_Mute: 0
  m_IsExit: 1
  serializedVersion: 3
  m_TransitionDuration: 0
  m_TransitionOffset: 0
  m_ExitTime: 1
  m_HasExitTime: 1
  m_HasFixedDuration: 0
  m_InterruptionSource: 0
  m_OrderedInterruption: 1
  m_CanTransitionToSelf: 1
--- !u!1101 &110189590
AnimatorStateTransition:
  m_ObjectHideFlags: 1
  m_PrefabParentObject: {fileID: 0}
  m_PrefabInternal: {fileID: 0}
  m_Name: 
  m_Conditions: []
  m_DstStateMachine: {fileID: 0}
  m_DstState: {fileID: 0}
  m_Solo: 0
  m_Mute: 0
  m_IsExit: 1
  serializedVersion: 3
  m_TransitionDuration: 0
  m_TransitionOffset: 0
  m_ExitTime: 1
  m_HasExitTime: 1
  m_HasFixedDuration: 0
  m_InterruptionSource: 0
  m_OrderedInterruption: 1
  m_CanTransitionToSelf: 1
--- !u!1101 &110191016
AnimatorStateTransition:
  m_ObjectHideFlags: 1
  m_PrefabParentObject: {fileID: 0}
  m_PrefabInternal: {fileID: 0}
  m_Name: 
  m_Conditions:
  - m_ConditionMode: 1
    m_ConditionEvent: Route2EntryOpen
    m_EventTreshold: 0
  m_DstStateMachine: {fileID: 0}
  m_DstState: {fileID: 110212452}
  m_Solo: 0
  m_Mute: 0
  m_IsExit: 0
  serializedVersion: 3
  m_TransitionDuration: 0
  m_TransitionOffset: 0
  m_ExitTime: 1
  m_HasExitTime: 1
  m_HasFixedDuration: 0
  m_InterruptionSource: 0
  m_OrderedInterruption: 1
  m_CanTransitionToSelf: 1
--- !u!1101 &110191302
AnimatorStateTransition:
  m_ObjectHideFlags: 1
  m_PrefabParentObject: {fileID: 0}
  m_PrefabInternal: {fileID: 0}
  m_Name: 
  m_Conditions:
  - m_ConditionMode: 6
    m_ConditionEvent: CarRandomizer
    m_EventTreshold: 1
  - m_ConditionMode: 1
    m_ConditionEvent: Car1Ready
    m_EventTreshold: 0
  m_DstStateMachine: {fileID: 0}
  m_DstState: {fileID: 110204670}
  m_Solo: 0
  m_Mute: 0
  m_IsExit: 0
  serializedVersion: 3
  m_TransitionDuration: 0
  m_TransitionOffset: 0
  m_ExitTime: 1
  m_HasExitTime: 1
  m_HasFixedDuration: 0
  m_InterruptionSource: 0
  m_OrderedInterruption: 1
  m_CanTransitionToSelf: 1
--- !u!1101 &110193208
AnimatorStateTransition:
  m_ObjectHideFlags: 1
  m_PrefabParentObject: {fileID: 0}
  m_PrefabInternal: {fileID: 0}
  m_Name: 
  m_Conditions:
  - m_ConditionMode: 6
    m_ConditionEvent: CarRandomizer
    m_EventTreshold: 2
  - m_ConditionMode: 1
    m_ConditionEvent: Car2Ready
    m_EventTreshold: 0
  m_DstStateMachine: {fileID: 0}
  m_DstState: {fileID: 110242488}
  m_Solo: 0
  m_Mute: 0
  m_IsExit: 0
  serializedVersion: 3
  m_TransitionDuration: 0
  m_TransitionOffset: 0
  m_ExitTime: 1
  m_HasExitTime: 1
  m_HasFixedDuration: 0
  m_InterruptionSource: 0
  m_OrderedInterruption: 1
  m_CanTransitionToSelf: 1
--- !u!1101 &110195472
AnimatorStateTransition:
  m_ObjectHideFlags: 1
  m_PrefabParentObject: {fileID: 0}
  m_PrefabInternal: {fileID: 0}
  m_Name: 
  m_Conditions: []
  m_DstStateMachine: {fileID: 0}
  m_DstState: {fileID: 0}
  m_Solo: 0
  m_Mute: 0
  m_IsExit: 1
  serializedVersion: 3
  m_TransitionDuration: 0
  m_TransitionOffset: 0
  m_ExitTime: 1
  m_HasExitTime: 1
  m_HasFixedDuration: 0
  m_InterruptionSource: 0
  m_OrderedInterruption: 1
  m_CanTransitionToSelf: 1
--- !u!1101 &110197918
AnimatorStateTransition:
  m_ObjectHideFlags: 1
  m_PrefabParentObject: {fileID: 0}
  m_PrefabInternal: {fileID: 0}
  m_Name: 
  m_Conditions:
  - m_ConditionMode: 6
    m_ConditionEvent: CarRandomizer
    m_EventTreshold: 1
  - m_ConditionMode: 1
    m_ConditionEvent: Car1Ready
    m_EventTreshold: 0
  m_DstStateMachine: {fileID: 0}
  m_DstState: {fileID: 110296044}
  m_Solo: 0
  m_Mute: 0
  m_IsExit: 0
  serializedVersion: 3
  m_TransitionDuration: 0
  m_TransitionOffset: 0
  m_ExitTime: 1
  m_HasExitTime: 1
  m_HasFixedDuration: 0
  m_InterruptionSource: 0
  m_OrderedInterruption: 1
  m_CanTransitionToSelf: 1
--- !u!1102 &110204670
AnimatorState:
  serializedVersion: 5
  m_ObjectHideFlags: 1
  m_PrefabParentObject: {fileID: 0}
  m_PrefabInternal: {fileID: 0}
  m_Name: Route 3 Car 1
  m_Speed: 10
  m_CycleOffset: 0
  m_Transitions:
  - {fileID: 110152580}
  m_StateMachineBehaviours:
  - {fileID: 11424024}
  m_Position: {x: 50, y: 50, z: 0}
  m_IKOnFeet: 0
  m_WriteDefaultValues: 0
  m_Mirror: 0
  m_SpeedParameterActive: 0
  m_MirrorParameterActive: 0
  m_CycleOffsetParameterActive: 0
  m_Motion: {fileID: 0}
  m_Tag: 
  m_SpeedParameter: 
  m_MirrorParameter: 
  m_CycleOffsetParameter: 
--- !u!1102 &110208234
AnimatorState:
  serializedVersion: 5
  m_ObjectHideFlags: 1
  m_PrefabParentObject: {fileID: 0}
  m_PrefabInternal: {fileID: 0}
  m_Name: State 1 - 2 Pause
  m_Speed: 5
  m_CycleOffset: 0
  m_Transitions:
  - {fileID: 110185044}
  m_StateMachineBehaviours: []
  m_Position: {x: 50, y: 50, z: 0}
  m_IKOnFeet: 0
  m_WriteDefaultValues: 0
  m_Mirror: 0
  m_SpeedParameterActive: 1
  m_MirrorParameterActive: 0
  m_CycleOffsetParameterActive: 0
  m_Motion: {fileID: 0}
  m_Tag: 
  m_SpeedParameter: SpeedMultiplier
  m_MirrorParameter: 
  m_CycleOffsetParameter: 
--- !u!1102 &110212452
AnimatorState:
  serializedVersion: 5
  m_ObjectHideFlags: 1
  m_PrefabParentObject: {fileID: 0}
  m_PrefabInternal: {fileID: 0}
  m_Name: Route 2 Randomizer
  m_Speed: 10
  m_CycleOffset: 0
  m_Transitions:
  - {fileID: 110197918}
  - {fileID: 110168778}
  - {fileID: 110135400}
  m_StateMachineBehaviours:
  - {fileID: 11446542}
  m_Position: {x: 50, y: 50, z: 0}
  m_IKOnFeet: 0
  m_WriteDefaultValues: 0
  m_Mirror: 0
  m_SpeedParameterActive: 0
  m_MirrorParameterActive: 0
  m_CycleOffsetParameterActive: 0
  m_Motion: {fileID: 0}
  m_Tag: 
  m_SpeedParameter: 
  m_MirrorParameter: 
  m_CycleOffsetParameter: 
--- !u!1102 &110219228
AnimatorState:
  serializedVersion: 5
  m_ObjectHideFlags: 1
  m_PrefabParentObject: {fileID: 0}
  m_PrefabInternal: {fileID: 0}
  m_Name: State 0 - Traffic closed
  m_Speed: 2
  m_CycleOffset: 0
  m_Transitions:
  - {fileID: 110167244}
  m_StateMachineBehaviours:
  - {fileID: 11424746}
  m_Position: {x: 50, y: 50, z: 0}
  m_IKOnFeet: 0
  m_WriteDefaultValues: 0
  m_Mirror: 0
  m_SpeedParameterActive: 1
  m_MirrorParameterActive: 0
  m_CycleOffsetParameterActive: 0
  m_Motion: {fileID: 7400000, guid: 0b49f30568215ad4189696f7b1288e8b, type: 2}
  m_Tag: 
  m_SpeedParameter: SpeedMultiplier
  m_MirrorParameter: 
  m_CycleOffsetParameter: 
--- !u!1102 &110220062
AnimatorState:
  serializedVersion: 5
  m_ObjectHideFlags: 1
  m_PrefabParentObject: {fileID: 0}
  m_PrefabInternal: {fileID: 0}
  m_Name: Route 3 Randomizer
  m_Speed: 10
  m_CycleOffset: 0
  m_Transitions:
  - {fileID: 110191302}
  - {fileID: 110193208}
  - {fileID: 110183892}
  m_StateMachineBehaviours:
  - {fileID: 11449486}
  m_Position: {x: 50, y: 50, z: 0}
  m_IKOnFeet: 0
  m_WriteDefaultValues: 0
  m_Mirror: 0
  m_SpeedParameterActive: 0
  m_MirrorParameterActive: 0
  m_CycleOffsetParameterActive: 0
  m_Motion: {fileID: 0}
  m_Tag: 
  m_SpeedParameter: 
  m_MirrorParameter: 
  m_CycleOffsetParameter: 
--- !u!1102 &110223010
AnimatorState:
  serializedVersion: 5
  m_ObjectHideFlags: 1
  m_PrefabParentObject: {fileID: 0}
  m_PrefabInternal: {fileID: 0}
  m_Name: Route 1 Randomizer
  m_Speed: 10
  m_CycleOffset: 0
  m_Transitions:
  - {fileID: 110137200}
  - {fileID: 110188654}
  - {fileID: 110111456}
  m_StateMachineBehaviours:
  - {fileID: 11411536}
  m_Position: {x: 50, y: 50, z: 0}
  m_IKOnFeet: 0
  m_WriteDefaultValues: 0
  m_Mirror: 0
  m_SpeedParameterActive: 0
  m_MirrorParameterActive: 0
  m_CycleOffsetParameterActive: 0
  m_Motion: {fileID: 0}
  m_Tag: 
  m_SpeedParameter: 
  m_MirrorParameter: 
  m_CycleOffsetParameter: 
--- !u!1102 &110223138
AnimatorState:
  serializedVersion: 5
  m_ObjectHideFlags: 1
  m_PrefabParentObject: {fileID: 0}
  m_PrefabInternal: {fileID: 0}
  m_Name: State 1 - Open 1-1 2-1 2-2
  m_Speed: 1
  m_CycleOffset: 0
  m_Transitions:
  - {fileID: 110113428}
  m_StateMachineBehaviours:
  - {fileID: 11492236}
  - {fileID: 11488298}
  m_Position: {x: 50, y: 50, z: 0}
  m_IKOnFeet: 0
  m_WriteDefaultValues: 0
  m_Mirror: 0
  m_SpeedParameterActive: 1
  m_MirrorParameterActive: 0
  m_CycleOffsetParameterActive: 0
  m_Motion: {fileID: 7400000, guid: c27ffcd08435e734db8f84645b7b5510, type: 2}
  m_Tag: 
  m_SpeedParameter: SpeedMultiplier
  m_MirrorParameter: 
  m_CycleOffsetParameter: 
--- !u!1102 &110228642
AnimatorState:
  serializedVersion: 5
  m_ObjectHideFlags: 1
  m_PrefabParentObject: {fileID: 0}
  m_PrefabInternal: {fileID: 0}
  m_Name: State 3 - Open 1-1 1-2 3-1
  m_Speed: 1
  m_CycleOffset: 0
  m_Transitions:
  - {fileID: 110100578}
  m_StateMachineBehaviours:
  - {fileID: 11426370}
  - {fileID: 11428950}
  m_Position: {x: 50, y: 50, z: 0}
  m_IKOnFeet: 0
  m_WriteDefaultValues: 0
  m_Mirror: 0
  m_SpeedParameterActive: 1
  m_MirrorParameterActive: 0
  m_CycleOffsetParameterActive: 0
  m_Motion: {fileID: 7400000, guid: cd4aa018f96be1943acd13cec1c6c80d, type: 2}
  m_Tag: 
  m_SpeedParameter: SpeedMultiplier
  m_MirrorParameter: 
  m_CycleOffsetParameter: 
--- !u!1102 &110242488
AnimatorState:
  serializedVersion: 5
  m_ObjectHideFlags: 1
  m_PrefabParentObject: {fileID: 0}
  m_PrefabInternal: {fileID: 0}
  m_Name: Route 3 Car 2
  m_Speed: 10
  m_CycleOffset: 0
  m_Transitions:
  - {fileID: 110169926}
  m_StateMachineBehaviours:
  - {fileID: 11460874}
  m_Position: {x: 50, y: 50, z: 0}
  m_IKOnFeet: 0
  m_WriteDefaultValues: 0
  m_Mirror: 0
  m_SpeedParameterActive: 0
  m_MirrorParameterActive: 0
  m_CycleOffsetParameterActive: 0
  m_Motion: {fileID: 0}
  m_Tag: 
  m_SpeedParameter: 
  m_MirrorParameter: 
  m_CycleOffsetParameter: 
--- !u!1102 &110246114
AnimatorState:
  serializedVersion: 5
  m_ObjectHideFlags: 1
  m_PrefabParentObject: {fileID: 0}
  m_PrefabInternal: {fileID: 0}
  m_Name: Route 2 Car 2
  m_Speed: 10
  m_CycleOffset: 0
  m_Transitions:
  - {fileID: 110141456}
  m_StateMachineBehaviours:
  - {fileID: 11417964}
  m_Position: {x: 50, y: 50, z: 0}
  m_IKOnFeet: 0
  m_WriteDefaultValues: 0
  m_Mirror: 0
  m_SpeedParameterActive: 0
  m_MirrorParameterActive: 0
  m_CycleOffsetParameterActive: 0
  m_Motion: {fileID: 0}
  m_Tag: 
  m_SpeedParameter: 
  m_MirrorParameter: 
  m_CycleOffsetParameter: 
--- !u!1102 &110258996
AnimatorState:
  serializedVersion: 5
  m_ObjectHideFlags: 1
  m_PrefabParentObject: {fileID: 0}
  m_PrefabInternal: {fileID: 0}
  m_Name: Route 3 Car 3
  m_Speed: 10
  m_CycleOffset: 0
  m_Transitions:
  - {fileID: 110188682}
  m_StateMachineBehaviours:
  - {fileID: 11434894}
  m_Position: {x: 50, y: 50, z: 0}
  m_IKOnFeet: 0
  m_WriteDefaultValues: 0
  m_Mirror: 0
  m_SpeedParameterActive: 0
  m_MirrorParameterActive: 0
  m_CycleOffsetParameterActive: 0
  m_Motion: {fileID: 0}
  m_Tag: 
  m_SpeedParameter: 
  m_MirrorParameter: 
  m_CycleOffsetParameter: 
--- !u!1102 &110261404
AnimatorState:
  serializedVersion: 5
  m_ObjectHideFlags: 1
  m_PrefabParentObject: {fileID: 0}
  m_PrefabInternal: {fileID: 0}
  m_Name: State 2 - Open 2-2 3-1 3-2
  m_Speed: 1
  m_CycleOffset: 0
  m_Transitions:
  - {fileID: 110126334}
  m_StateMachineBehaviours:
  - {fileID: 11429414}
  - {fileID: 11490292}
  m_Position: {x: 50, y: 50, z: 0}
  m_IKOnFeet: 0
  m_WriteDefaultValues: 0
  m_Mirror: 0
  m_SpeedParameterActive: 1
  m_MirrorParameterActive: 0
  m_CycleOffsetParameterActive: 0
  m_Motion: {fileID: 7400000, guid: 2676ec52598ad5c4aafb0d8802cf5e7f, type: 2}
  m_Tag: 
  m_SpeedParameter: SpeedMultiplier
  m_MirrorParameter: 
  m_CycleOffsetParameter: 
--- !u!1102 &110261780
AnimatorState:
  serializedVersion: 5
  m_ObjectHideFlags: 1
  m_PrefabParentObject: {fileID: 0}
  m_PrefabInternal: {fileID: 0}
  m_Name: Route 1 Car 2
  m_Speed: 10
  m_CycleOffset: 0
  m_Transitions:
  - {fileID: 110161352}
  m_StateMachineBehaviours:
  - {fileID: 11448660}
  m_Position: {x: 50, y: 50, z: 0}
  m_IKOnFeet: 0
  m_WriteDefaultValues: 0
  m_Mirror: 0
  m_SpeedParameterActive: 0
  m_MirrorParameterActive: 0
  m_CycleOffsetParameterActive: 0
  m_Motion: {fileID: 0}
  m_Tag: 
  m_SpeedParameter: 
  m_MirrorParameter: 
  m_CycleOffsetParameter: 
--- !u!1102 &110271256
AnimatorState:
  serializedVersion: 5
  m_ObjectHideFlags: 1
  m_PrefabParentObject: {fileID: 0}
  m_PrefabInternal: {fileID: 0}
  m_Name: Route Entry Selector
  m_Speed: 1
  m_CycleOffset: 0
  m_Transitions:
  - {fileID: 110107322}
  - {fileID: 110191016}
  - {fileID: 110114904}
  m_StateMachineBehaviours:
  - {fileID: 11426538}
  - {fileID: 11454308}
  - {fileID: 11407262}
  m_Position: {x: 50, y: 50, z: 0}
  m_IKOnFeet: 0
  m_WriteDefaultValues: 0
  m_Mirror: 0
  m_SpeedParameterActive: 0
  m_MirrorParameterActive: 0
  m_CycleOffsetParameterActive: 0
  m_Motion: {fileID: 0}
  m_Tag: 
  m_SpeedParameter: 
  m_MirrorParameter: 
  m_CycleOffsetParameter: 
--- !u!1102 &110274116
AnimatorState:
  serializedVersion: 5
  m_ObjectHideFlags: 1
  m_PrefabParentObject: {fileID: 0}
  m_PrefabInternal: {fileID: 0}
  m_Name: Route 1 Car 3
  m_Speed: 10
  m_CycleOffset: 0
  m_Transitions:
  - {fileID: 110189590}
  m_StateMachineBehaviours:
  - {fileID: 11405606}
  m_Position: {x: 50, y: 50, z: 0}
  m_IKOnFeet: 0
  m_WriteDefaultValues: 0
  m_Mirror: 0
  m_SpeedParameterActive: 0
  m_MirrorParameterActive: 0
  m_CycleOffsetParameterActive: 0
  m_Motion: {fileID: 0}
  m_Tag: 
  m_SpeedParameter: 
  m_MirrorParameter: 
  m_CycleOffsetParameter: 
--- !u!1102 &110275972
AnimatorState:
  serializedVersion: 5
  m_ObjectHideFlags: 3
  m_PrefabParentObject: {fileID: 0}
  m_PrefabInternal: {fileID: 0}
  m_Name: State 2 - 3 Pause 0
  m_Speed: 5
  m_CycleOffset: 0
  m_Transitions:
  - {fileID: 110107506}
  m_StateMachineBehaviours: []
  m_Position: {x: 50, y: 50, z: 0}
  m_IKOnFeet: 0
  m_WriteDefaultValues: 0
  m_Mirror: 0
  m_SpeedParameterActive: 1
  m_MirrorParameterActive: 0
  m_CycleOffsetParameterActive: 0
  m_Motion: {fileID: 0}
  m_Tag: 
  m_SpeedParameter: SpeedMultiplier
  m_MirrorParameter: 
  m_CycleOffsetParameter: 
--- !u!1102 &110282140
AnimatorState:
  serializedVersion: 5
  m_ObjectHideFlags: 1
  m_PrefabParentObject: {fileID: 0}
  m_PrefabInternal: {fileID: 0}
  m_Name: Route 2 Car 3
  m_Speed: 10
  m_CycleOffset: 0
  m_Transitions:
  - {fileID: 110114850}
  m_StateMachineBehaviours:
  - {fileID: 11438254}
  m_Position: {x: 50, y: 50, z: 0}
  m_IKOnFeet: 0
  m_WriteDefaultValues: 0
  m_Mirror: 0
  m_SpeedParameterActive: 0
  m_MirrorParameterActive: 0
  m_CycleOffsetParameterActive: 0
  m_Motion: {fileID: 0}
  m_Tag: 
  m_SpeedParameter: 
  m_MirrorParameter: 
  m_CycleOffsetParameter: 
--- !u!1102 &110286410
AnimatorState:
  serializedVersion: 5
  m_ObjectHideFlags: 1
  m_PrefabParentObject: {fileID: 0}
  m_PrefabInternal: {fileID: 0}
  m_Name: Route 1 Car 1
  m_Speed: 10
  m_CycleOffset: 0
  m_Transitions:
  - {fileID: 110195472}
  m_StateMachineBehaviours:
  - {fileID: 11405482}
  m_Position: {x: 50, y: 50, z: 0}
  m_IKOnFeet: 0
  m_WriteDefaultValues: 0
  m_Mirror: 0
  m_SpeedParameterActive: 0
  m_MirrorParameterActive: 0
  m_CycleOffsetParameterActive: 0
  m_Motion: {fileID: 0}
  m_Tag: 
  m_SpeedParameter: 
  m_MirrorParameter: 
  m_CycleOffsetParameter: 
--- !u!1102 &110296044
AnimatorState:
  serializedVersion: 5
  m_ObjectHideFlags: 1
  m_PrefabParentObject: {fileID: 0}
  m_PrefabInternal: {fileID: 0}
  m_Name: Route 2 Car 1
  m_Speed: 10
  m_CycleOffset: 0
  m_Transitions:
  - {fileID: 110172364}
  m_StateMachineBehaviours:
  - {fileID: 11473420}
  m_Position: {x: 50, y: 50, z: 0}
  m_IKOnFeet: 0
  m_WriteDefaultValues: 0
  m_Mirror: 0
  m_SpeedParameterActive: 0
  m_MirrorParameterActive: 0
  m_CycleOffsetParameterActive: 0
  m_Motion: {fileID: 0}
  m_Tag: 
  m_SpeedParameter: 
  m_MirrorParameter: 
  m_CycleOffsetParameter: 
--- !u!1107 &110741606
AnimatorStateMachine:
  serializedVersion: 5
  m_ObjectHideFlags: 1
  m_PrefabParentObject: {fileID: 0}
  m_PrefabInternal: {fileID: 0}
  m_Name: Intersection Control
  m_ChildStates:
  - serializedVersion: 1
    m_State: {fileID: 110219228}
    m_Position: {x: 396, y: -24, z: 0}
  - serializedVersion: 1
    m_State: {fileID: 110223138}
    m_Position: {x: 600, y: 60, z: 0}
  - serializedVersion: 1
    m_State: {fileID: 110261404}
    m_Position: {x: 384, y: 120, z: 0}
  - serializedVersion: 1
    m_State: {fileID: 110228642}
    m_Position: {x: 168, y: 60, z: 0}
  - serializedVersion: 1
    m_State: {fileID: 110208234}
    m_Position: {x: 600, y: 120, z: 0}
  - serializedVersion: 1
    m_State: {fileID: 110275972}
    m_Position: {x: 168, y: 120, z: 0}
  m_ChildStateMachines: []
  m_AnyStateTransitions: []
  m_EntryTransitions: []
  m_StateMachineTransitions: {}
  m_StateMachineBehaviours: []
  m_AnyStatePosition: {x: 408, y: 36, z: 0}
  m_EntryPosition: {x: 408, y: -60, z: 0}
  m_ExitPosition: {x: 408, y: 72, z: 0}
  m_ParentStateMachinePosition: {x: 800, y: 20, z: 0}
  m_DefaultState: {fileID: 110219228}
--- !u!1107 &110753568
AnimatorStateMachine:
  serializedVersion: 5
  m_ObjectHideFlags: 1
  m_PrefabParentObject: {fileID: 0}
  m_PrefabInternal: {fileID: 0}
  m_Name: Routes Control
  m_ChildStates:
  - serializedVersion: 1
    m_State: {fileID: 110271256}
    m_Position: {x: 384, y: 0, z: 0}
  - serializedVersion: 1
    m_State: {fileID: 110223010}
    m_Position: {x: 156, y: 36, z: 0}
  - serializedVersion: 1
    m_State: {fileID: 110212452}
    m_Position: {x: 384, y: 60, z: 0}
  - serializedVersion: 1
    m_State: {fileID: 110220062}
    m_Position: {x: 612, y: 36, z: 0}
  - serializedVersion: 1
    m_State: {fileID: 110286410}
    m_Position: {x: -120, y: 96, z: 0}
  - serializedVersion: 1
    m_State: {fileID: 110261780}
    m_Position: {x: -120, y: 144, z: 0}
  - serializedVersion: 1
    m_State: {fileID: 110274116}
    m_Position: {x: -120, y: 192, z: 0}
  - serializedVersion: 1
    m_State: {fileID: 110296044}
    m_Position: {x: 168, y: 120, z: 0}
  - serializedVersion: 1
    m_State: {fileID: 110246114}
    m_Position: {x: 384, y: 120, z: 0}
  - serializedVersion: 1
    m_State: {fileID: 110282140}
    m_Position: {x: 600, y: 120, z: 0}
  - serializedVersion: 1
    m_State: {fileID: 110204670}
    m_Position: {x: 864, y: 96, z: 0}
  - serializedVersion: 1
    m_State: {fileID: 110242488}
    m_Position: {x: 864, y: 144, z: 0}
  - serializedVersion: 1
    m_State: {fileID: 110258996}
    m_Position: {x: 864, y: 204, z: 0}
  m_ChildStateMachines: []
  m_AnyStateTransitions: []
  m_EntryTransitions: []
  m_StateMachineTransitions: {}
  m_StateMachineBehaviours: []
  m_AnyStatePosition: {x: 144, y: -36, z: 0}
  m_EntryPosition: {x: 396, y: -48, z: 0}
  m_ExitPosition: {x: 396, y: 264, z: 0}
  m_ParentStateMachinePosition: {x: 800, y: 20, z: 0}
  m_DefaultState: {fileID: 110271256}
